@article{einstein,
    author =       "Albert Einstein",
    title =        "{Zur Elektrodynamik bewegter K{\"o}rper}. ({German})
        [{On} the electrodynamics of moving bodies]",
    journal =      "Annalen der Physik",
    volume =       "322",
    number =       "10",
    pages =        "891--921",
    year =         "1905",
    DOI =          "http://dx.doi.org/10.1002/andp.19053221004"
}
 
@book{latexcompanion,
    author    = "Michel Goossens and Frank Mittelbach and Alexander Samarin",
    title     = "The \LaTeX\ Companion",
    year      = "1993",
    publisher = "Addison-Wesley",
    address   = "Reading, Massachusetts"
}
 
@misc{knuthwebsite,
    author    = "Donald Knuth",
    title     = "Knuth: Computers and Typesetting",
    url       = "http://www-cs-faculty.stanford.edu/\~{}uno/abcde.html"
}

@misc{zendframeworkwebsite,
	author	= "",
	title	= "",
	url		= "http://framework.zend.com/about/"
}

@misc{website:fermentas-lambda,
	author = "Fermentas Inc.",
	title = "Phage Lambda: description \& restriction map",
	month = "November",
	year = "2008",
	url = "http://www.fermentas.com/techinfo/nucleicacids/maplambda.htm"
}

@online{WinNT,
	author = {MultiMedia LLC},
	title = {{MS Windows NT} Kernel Description},
	year = 1999,
	url = {http://web.archive.org/web/20080207010024/http://www.808multimedia.com/winnt/kernel.htm},
	urldate = {2010-09-30}
}

@manual{Senn:2009,
	title  = "Using {\LaTeX} for Your Thesis",
	author = "Mark Senn",
	url    = "http://engineering.purdue.edu/~mark/puthesis",
	year   = "2009 (accessed February 3, 2014)"
}

@misc{bworld,
	author = {Ingo LÃ¼tkebohle},
	title = {{BWorld Robot Control Software}},
	howpublished = "\url{http://aiweb.techfak.uni-bielefeld.de/content/bworld-robot-control-software/}",
	year = {2008}, 
	note = "[Online; accessed 19-July-2008]"
}