@online{html,
	title = {HTML MDN Homepage},
	year = "2016 (accessed on 2016-04-17)",
	howpublished ="\url{https://developer.mozilla.org/en-US/docs/Web/HTML}"
}






@online{html,
	title = {HTML MDN Homepage},
	year = "2016 (accessed on 2016-04-17)",
	howpublished ="\url{https://developer.mozilla.org/en-US/docs/Web/HTML}"
}

@online{css,
	title = {CSS MDN Homepage},
	year = "2016 (accessed on 2016-04-17)",
	howpublished ="\url{https://developer.mozilla.org/en-US/docs/Web/CSS}"
}

@online{javascript,
	title = {JavaScript MDN Homepage},
	year = "2016 (accessed on 2016-04-17)",
	howpublished ="\url{https://developer.mozilla.org/en-US/docs/Web/JavaScript}"
}

@online{angularjs,
	title = {AngularJS Homepage},
	year = "2016 (accessed on 2016-04-17)",
	howpublished = "\url{https://angularjs.org/}"
}

@online{yeoman,
	title = {ExpressJS Homepage},
	year = "2016 (accessed on 2016-04-17)",
	howpublished ="\url{http://expressjs.com/}"
}

@online{grunt,
	title = {ExpressJS Homepage},
	year = "2016 (accessed on 2016-04-17)",
	howpublished ="\url{http://expressjs.com/}"
}

@online{jasmine,
	title = {ExpressJS Homepage},
	year = "2016 (accessed on 2016-04-17)",
	howpublished ="\url{http://expressjs.com/}"
}

@online{karma,
	title = {ExpressJS Homepage},
	year = "2016 (accessed on 2016-04-17)",
	howpublished ="\url{http://expressjs.com/}"
}

@online{bower,
	title = {NodeJS Homepage},
	year = "2016 (accessed on 2016-04-17)",
	howpublished ="\url{https://nodejs.org/en/}"
}

@online{npm,
	title = {NodeJS Homepage},
	year = "2016 (accessed on 2016-04-17)",
	howpublished ="\url{https://nodejs.org/en/}"
}

@online{bash,
	title = {NodeJS Homepage},
	year = "2016 (accessed on 2016-04-17)",
	howpublished ="\url{https://nodejs.org/en/}"
}

@online{cordova,
	title = {NodeJS Homepage},
	year = "2016 (accessed on 2016-04-17)",
	howpublished ="\url{https://nodejs.org/en/}"
}

@online{phonegap,
	title = {NodeJS Homepage},
	year = "2016 (accessed on 2016-04-17)",
	howpublished ="\url{https://nodejs.org/en/}"
}

@online{jquery_mobile,
	title = {NodeJS Homepage},
	year = "2016 (accessed on 2016-04-17)",
	howpublished ="\url{https://nodejs.org/en/}"
}

@online{xamarin,
	title = {NodeJS Homepage},
	year = "2016 (accessed on 2016-04-17)",
	howpublished ="\url{https://nodejs.org/en/}"
}

@online{couchdb,
	title = {ExpressJS Homepage},
	year = "2016 (accessed on 2016-04-17)",
	howpublished ="\url{http://expressjs.com/}"
}


@online{cloudant,
	title = {ExpressJS Homepage},
	year = "2016 (accessed on 2016-04-17)",
	howpublished ="\url{http://expressjs.com/}"
}

@online{nodejs,
	title = {ExpressJS Homepage},
	year = "2016 (accessed on 2016-04-17)",
	howpublished ="\url{http://expressjs.com/}"
}

@online{expressjs,
	title = {ExpressJS Homepage},
	year = "2016 (accessed on 2016-04-17)",
	howpublished ="\url{http://expressjs.com/}"
}

@online{http_methods,
	title = {HTTP Requests Information},
	year = "2016 (accessed on 2016-04-17)",
	howpublished ="\url{http://www.w3schools.com/tags/ref_httpmethods.asp}"
}



